<record><leader>00000cas a22000007a 4500</leader><controlfield tag="001">15554905</controlfield><controlfield tag="008">870420d186418uunyumr ne      0    0eng d</controlfield><datafield ind1=" " ind2=" " tag="010"><subfield code="a">sn 87080628 </subfield></datafield><datafield ind1=" " ind2=" " tag="040"><subfield code="a">NPH</subfield><subfield code="b">eng</subfield><subfield code="c">NPH</subfield><subfield code="d">NYS</subfield><subfield code="d">YOX</subfield><subfield code="d">NYS</subfield><subfield code="d">MGN</subfield><subfield code="d">CNK</subfield><subfield code="d">NVF</subfield><subfield code="d">MGN</subfield><subfield code="d">DLC</subfield><subfield code="d">OCL</subfield><subfield code="d">OCLCQ</subfield><subfield code="d">OCLCG</subfield><subfield code="d">WIH</subfield><subfield code="d">OCLCF</subfield><subfield code="d">OCLCO</subfield></datafield><datafield ind1="1" ind2=" " tag="029"><subfield code="a">AU@</subfield><subfield code="b">000025815469</subfield></datafield><datafield ind1=" " ind2=" " tag="042"><subfield code="a">msc</subfield></datafield><datafield ind1="0" ind2=" " tag="130"><subfield code="a">Soldier's friend (New York, N.Y. : 1864)</subfield></datafield><datafield ind1="0" ind2="4" tag="245"><subfield code="a">The soldier's friend.</subfield></datafield><datafield ind1="1" ind2="7" tag="246"><subfield code="a">Soldier's friend and Grand Army of the Republic</subfield></datafield><datafield ind1=" " ind2=" " tag="260"><subfield code="a">New-York [N.Y.] :</subfield><subfield code="b">Wm. Oland Bourne</subfield></datafield><datafield ind1=" " ind2=" " tag="300"><subfield code="a">v. ;</subfield><subfield code="c">59 cm.</subfield></datafield><datafield ind1=" " ind2=" " tag="310"><subfield code="a">Monthly</subfield></datafield><datafield ind1="0" ind2=" " tag="362"><subfield code="a">Vol. 1, no. 1 (Dec. 1864)-</subfield></datafield><datafield ind1=" " ind2=" " tag="500"><subfield code="a">"A monthly newspaper for the Army."</subfield></datafield><datafield ind1=" " ind2=" " tag="500"><subfield code="a">Printers: John A. Gray &amp; Green.</subfield></datafield><datafield ind1=" " ind2=" " tag="500"><subfield code="a">Editor: William Oland Bourne, &lt;1865-1868&gt;.</subfield></datafield><datafield ind1=" " ind2=" " tag="580"><subfield code="a">Weekly ed.: Soldier's friend (New York, N.Y. : 1868), 1868-&lt;1869&gt;.</subfield></datafield><datafield ind1=" " ind2="0" tag="651"><subfield code="a">New York (N.Y.)</subfield><subfield code="v">Newspapers.</subfield></datafield><datafield ind1=" " ind2="0" tag="651"><subfield code="a">United States</subfield><subfield code="x">Armed Forces</subfield><subfield code="v">Newspapers.</subfield></datafield><datafield ind1=" " ind2="0" tag="651"><subfield code="a">United States</subfield><subfield code="x">History</subfield><subfield code="y">Civil War, 1861-1865</subfield><subfield code="x">Veterans</subfield><subfield code="v">Newspapers.</subfield></datafield><datafield ind1=" " ind2="0" tag="650"><subfield code="a">Soldiers</subfield><subfield code="x">Civil status</subfield><subfield code="v">Newspapers.</subfield></datafield><datafield ind1=" " ind2="7" tag="655"><subfield code="a">History.</subfield><subfield code="2">fast</subfield><subfield code="0">(OCoLC)fst01411628</subfield></datafield><datafield ind1=" " ind2="7" tag="655"><subfield code="a">Newspapers.</subfield><subfield code="2">fast</subfield><subfield code="0">(OCoLC)fst01423814</subfield></datafield><datafield ind1="2" ind2="7" tag="611"><subfield code="a">American Civil War (1861-1865)</subfield><subfield code="2">fast</subfield><subfield code="0">(OCoLC)fst01351658</subfield></datafield><datafield ind1=" " ind2="7" tag="648"><subfield code="a">1861 - 1865</subfield><subfield code="2">fast</subfield></datafield><datafield ind1=" " ind2="7" tag="650"><subfield code="a">Armed Forces.</subfield><subfield code="2">fast</subfield><subfield code="0">(OCoLC)fst00814586</subfield></datafield><datafield ind1=" " ind2="7" tag="650"><subfield code="a">Soldiers</subfield><subfield code="x">Civil status.</subfield><subfield code="2">fast</subfield><subfield code="0">(OCoLC)fst01125247</subfield></datafield><datafield ind1=" " ind2="7" tag="650"><subfield code="a">Veterans.</subfield><subfield code="2">fast</subfield><subfield code="0">(OCoLC)fst01165710</subfield></datafield><datafield ind1=" " ind2="7" tag="651"><subfield code="a">New York (State)</subfield><subfield code="z">New York.</subfield><subfield code="2">fast</subfield><subfield code="0">(OCoLC)fst01204333</subfield></datafield><datafield ind1=" " ind2="7" tag="651"><subfield code="a">United States.</subfield><subfield code="2">fast</subfield><subfield code="0">(OCoLC)fst01204155</subfield></datafield><datafield ind1="1" ind2=" " tag="700"><subfield code="a">Bourne, Wm. Oland</subfield><subfield code="q">(William Oland),</subfield><subfield code="d">1819-1901.</subfield></datafield><datafield ind1=" " ind2=" " tag="752"><subfield code="a">United States</subfield><subfield code="b">New York</subfield><subfield code="c">New York</subfield><subfield code="d">New York.</subfield></datafield><datafield ind1="1" ind2=" " tag="775"><subfield code="t">Soldier's friend (New York, N.Y. : 1868)</subfield><subfield code="w">(DLC)sn 92060601</subfield></datafield><datafield ind1=" " ind2=" " tag="936"><subfield code="a">Mar. 1870 LIC</subfield></datafield></record>